@techreport{wilkins1963calculation,
  title={Calculation of elastic-plastic flow},
  author={Wilkins, Mark L},
  year={1963},
  institution={California Univ Livermore Radiation Lab}
}
@article{trangenstein1991higher,
  title={A higher-order Godunov method for modeling finite deformation in elastic-plastic solids},
  author={Trangenstein, John A and Colella, Phillip},
  journal={Communications on Pure and Applied mathematics},
  volume={44},
  number={1},
  pages={41--100},
  year={1991},
  publisher={Wiley Online Library}
}
@article{miller2001high,
  title={A high-order Eulerian Godunov method for elastic--plastic flow in solids},
  author={Miller, GH and Colella, P},
  journal={Journal of computational physics},
  volume={167},
  number={1},
  pages={131--176},
  year={2001},
  publisher={Elsevier}
}
@article{barton2009exact,
  title={Exact and approximate solutions of Riemann problems in non-linear elasticity},
  author={Barton, Philip T and Drikakis, Dimitris and Romenski, Evgeniy and Titarev, Vladimir A},
  journal={Journal of Computational Physics},
  volume={228},
  number={18},
  pages={7046--7068},
  year={2009},
  publisher={Elsevier}
}
@article{burton2013cell,
  title={A cell-centered Lagrangian Godunov-like method for solid dynamics},
  author={Burton, DE and Carney, TC and Morgan, NR and Sambasivan, SK and Shashkov, MJ},
  journal={Computers \& Fluids},
  volume={83},
  pages={33--47},
  year={2013},
  publisher={Elsevier}
}
@article{kluth2010discretization,
  title={Discretization of hyperelasticity on unstructured mesh with a cell-centered Lagrangian scheme},
  author={Kluth, Gilles and Despr{\'e}s, Bruno},
  journal={Journal of Computational Physics},
  volume={229},
  number={24},
  pages={9092--9118},
  year={2010},
  publisher={Elsevier}
}
@article{maire2013nominally,
  title={A nominally second-order cell-centered Lagrangian scheme for simulating elastic--plastic flows on two-dimensional unstructured grids},
  author={Maire, Pierre-Henri and Abgrall, R{\'e}Mi and Breil, J{\'e}R{\^o}Me and Loub{\`e}Re, Rapha{\"e}L and Rebourcet, Bernard},
  journal={Journal of Computational Physics},
  volume={235},
  pages={626--665},
  year={2013},
  publisher={Elsevier}
}
@article{cheng2017third,
  title={A third-order moving mesh cell-centered scheme for one-dimensional elastic-plastic flows},
  author={Cheng, Jun-Bo and Huang, Weizhang and Jiang, Song and Tian, Baolin},
  journal={Journal of Computational Physics},
  volume={349},
  pages={137--153},
  year={2017},
  publisher={Elsevier}
}
@article{gavrilyuk2008modelling,
  title={Modelling wave dynamics of compressible elastic materials},
  author={Gavrilyuk, Sergey L and Favrie, Nicolas and Saurel, Richard},
  journal={Journal of computational physics},
  volume={227},
  number={5},
  pages={2941--2969},
  year={2008},
  publisher={Elsevier}
}
@article{chen1994hyperbolic,
  title={Hyperbolic conservation laws with stiff relaxation terms and entropy},
  author={Chen, Gui-Qiang and Levermore, C David and Liu, Tai-Ping},
  journal={Communications on Pure and Applied Mathematics},
  volume={47},
  number={6},
  pages={787--830},
  year={1994},
  publisher={Wiley Online Library}
}
@article{despres2007geometrical,
  title={A geometrical approach to nonconservative shocks and elastoplastic shocks},
  author={Despres, Bruno},
  journal={Archive for Rational Mechanics and Analysis},
  volume={186},
  number={2},
  pages={275--308},
  year={2007},
  publisher={Springer}
}
@article{cheng2015high,
  title={A high-order cell-centered lagrangian scheme for one-dimensional elastic--plastic problems},
  author={Cheng, Jun-Bo and Toro, Eleuterio F and Jiang, Song and Yu, Ming and Tang, Weijun},
  journal={Computers \& Fluids},
  volume={122},
  pages={136--152},
  year={2015},
  publisher={Elsevier}
}
@article{cheng2016harten,
  title={Harten-Lax-van Leer-contact (HLLC) approximation Riemann solver with elastic waves for one-dimensional elastic-plastic problems},
  author={Cheng, Junbo},
  journal={Applied Mathematics and Mechanics},
  volume={37},
  number={11},
  pages={1517--1538},
  year={2016},
  publisher={Springer}
}
@article{liu2018novel,
  title={Novel local smoothness indicators for improving the third-order WENO scheme},
  author={Liu, Shengping and Shen, Yiqing and Chen, Bei and Zeng, Fangjun},
  journal={International Journal for Numerical Methods in Fluids},
  volume={87},
  number={2},
  pages={51--69},
  year={2018},
  publisher={Wiley Online Library}
}
